<?xml version="1.0" encoding="UTF-8"?><collection xmlns="http://www.loc.gov/MARC21/slim"><record><leader>00527nam--2200181-u-4500</leader><controlfield tag="001">000051154</controlfield><controlfield tag="002">20161230</controlfield><controlfield tag="005">20161230201049</controlfield><controlfield tag="008">080526s1000------------r-----000-0-eng-d</controlfield><datafield ind1=" " ind2=" " tag="040"><subfield code="a">IFIN-HH</subfield></datafield><datafield ind1=" " ind2=" " tag="080"><subfield code="a">517.743.4</subfield></datafield><datafield ind1="1" ind2=" " tag="100"><subfield code="a">Rashevskogo,P.K.(red.)</subfield></datafield><datafield ind1="1" ind2="0" tag="245"><subfield code="a">Trudy Seminara po Vektornomu i Tenzornomu Analizu s ikh Prilozheniyami k Geometrii, Mekhanike i Fizike</subfield></datafield><datafield ind1=" " ind2=" " tag="260"><subfield code="a">Moskva</subfield><subfield code="b">Izd.Moskovskogo Univ</subfield><subfield code="c">1981</subfield></datafield><datafield ind1=" " ind2=" " tag="300"><subfield code="a">230 p</subfield></datafield><datafield ind1=" " ind2=" " tag="490"><subfield code="v">Vyp.XX</subfield></datafield><datafield ind1=" " ind2=" " tag="852"><subfield code="a">333</subfield><subfield code="c">512.94/512.972</subfield></datafield><datafield ind1=" " ind2=" " tag="CAT"><subfield code="a">Sys</subfield><subfield code="c">20080526</subfield><subfield code="h">143956</subfield></datafield></record></collection>